@inproceedings{translearnhate,
  title = {Team FalsePostive at HASOC 2019: Transfer-Learning for Detection and Classification of Hate Speech},
  author = {Kaushik Amar Das,Ferdous Ahmed Barbhuiya},
  pages = {320-327},
  url = {http://ceur-ws.org/Vol-2517/T3-19.pdf},
  crossref = {FIRE2019},
}